@article{lamport1,
  title={How to write a 21 st century proof},
  author={Lamport, Leslie},
  journal={Journal of fixed point theory and applications},
  volume={11},
  number={1},
  pages={43--63},
  year={2012},
  publisher={Springer}
}

@article{lamport2,
  title={How to write a proof},
  author={Lamport, Leslie},
  journal={The American mathematical monthly},
  volume={102},
  number={7},
  pages={600--608},
  year={1995},
  publisher={Taylor \& Francis}
}

@book{hindley,
  title={Basic simple type theory},
  author={Hindley, J Roger},
  year={1997},
  publisher={Cambridge University Press}
}